@proceedings{declerck_kuebler2017,
  editor =       {Thierry Declerck and Sandra KÃ¼bler},
  title =        "Proceedings of the Workshop on Corpora in the Digital Humanities (CDH 2017)",
  booktitle =    "Proceedings of the Workshop on Corpora in the Digital Humanities (CDH 2017)",
  venue =        {Bloomington, IN, USA},
  month =        jan,
  year =         {2017}
}

@Article{Keil_2012,
  doi = {10.1111/j.2041-210x.2012.00264.x},
  url = {http://dx.doi.org/10.1111/j.2041-210x.2012.00264.x},
  year = {2012},
  month = {nov},
  publisher = {Wiley-Blackwell},
  volume = {4},
  number = {1},
  pages = {82--94},
  author = {Petr Keil and Jonathan Belmaker and Adam M. Wilson and Philip Unitt and Walter Jetz},
  editor = {Robert Freckleton},
  title = {Downscaling of species distribution models: a hierarchical approach},
  journal = {Methods Ecol Evol},
}


@article{kuhn2002,
 url = {https://www.sup.org/books/title/?id=1845},
 author = {{Philip A.} Kuhn},
 title = {Origins of the Modern Chinese State},
 publisher = {Stanford University Press},
 year = {2002}
}


@article{Litterman1986,
author = {Litterman, Robert B.},
doi = {10.2307/1391384},
file = {:Users/jonathan/Documents/Mendeley Desktop/Litterman - 1986 - Forecasting with Bayesian Vector Autoregressions Five Years of Experience.pdf:pdf},
issn = {07350015},
journal = {Journal of Business {\&} Economic Statistics},
month = {jan},
number = {1},
pages = {25},
title = {{Forecasting with Bayesian Vector Autoregressions: Five Years of Experience}},
url = {https://www.jstor.org/stable/1391384?origin=crossref},
volume = {4},
year = {1986}
}

@inproceedings{scrivner_davis2017,
 URL = {http://ceur-ws.org/Vol-1786/scrivner.pdf},
 author = {Olga Scrivner and Jefferson Davis},
  title =        {Reducing TCB complexity for security-sensitive applications: three case studies},
  crossref =     {declerck_kuebler2017}
}

@article{tan1990,
 ISSN = {0030851X},
 URL = {http://www.jstor.org/stable/2759720},
 author = {Frank Tan},
 journal = {Pacific Affairs},
 number = {2},
 pages = {151--169},
 publisher = {Pacific Affairs, University of British Columbia},
 title = {The People's Daily: Politics and Popular Will-Journalistic Defiance in China During the Spring of 1989},
 volume = {63},
 year = {1990}
}






